@misc{ livee,
title = "{Live E! Project}",
author="{Live E! Project}",
year=2009,
howpublished = "\url{http://www.live-e.org/}"
}

@misc{ wide,
title = "{WIDE Project}",
author = "{WIDE Project}",
year=2009,
howpublished = "\url{http://www.wide.ad.jp}"
}

@misc{amedas,
title = "{AMeDAS}",
author = "{AMeDAS}",
year=2009,
howpublished = "\url{http://www.jma.go.jp/jp/amedas/}"
}

@misc{kisyoucho,
title = "{気象庁}",
author = "{気象庁}",
year=2009,
howpublished = "\url{http://www.jma.go.jp/}"
}

@misc{shisa,
title = "{気象観測の手引き}",
author = "{気象観測の手引き}",
year=2009,
howpublished = "\url{http://www.jma.go.jp/jma/kishou/know/kansoku_guide/tebiki.pdf}"
}

@misc{piax,
title = "{PIAX}",
author = "{PIAX}",
year=2009,
howpublished = "\url{http://www.piax.org/}"
}