@article{frost1978optokinetic,
  title={The optokinetic basis of head-bobbing in the pigeon},
  author={Frost, BJ},
  journal={Journal of Experimental Biology},
  volume={74},
  number={1},
  pages={187--195},
  year={1978},
  publisher={Citeseer}
}

@article{davies1988head,
  title={Head-bobbing during walking, running and flying: relative motion perception in the pigeon},
  author={DAVIES, MARK NO and GREEN, PATRICK R},
  journal={Journal of Experimental Biology},
  volume={138},
  number={1},
  pages={71--91},
  year={1988},
  publisher={Company of Biologists The Company of Biologists, Bidder Building, 140 Cowley~â€¦}
}

@article{webb2000does,
  title={What does robotics offer animal behaviour?},
  author={Webb, Barbara},
  journal={Animal behaviour},
  volume={60},
  number={5},
  pages={545--558},
  year={2000},
  publisher={Elsevier}
}
